@article{andersson2005causes,
  title={Causes of the 2003 major grid blackouts in North America and Europe, and recommended means to improve system dynamic performance},
  author={Andersson, G. and Donalek, P. and Farmer, R. and Hatziargyriou, N. and Kamwa, I. and Kundur, P. and Martins, N. and Paserba, J. and Pourbeik, P. and Sanchez-Gasca, J. and others},
  journal={Power Systems, IEEE Transactions on},
  volume={20},
  number={4},
  pages={1922--1928},
  year={2005},
  publisher={IEEE}
}

@article{anghel2007forecasting,
  title={Forecasting the Evolution of Dynamical Systems from Noisy Observations},
  author={Anghel, M. and Steinwart, I.},
  journal={Arxiv preprint arXiv:0707.4146},
  year={2007}
}

@article{anghel2007stochastic,
  title={Stochastic model for power grid dynamics},
  author={Anghel, M. and Werley, K.A. and Motter, A.E.},
  year={2007},
  publisher={IEEE Computer Society}
}

@article{arianos2009power,
  title={Power grid vulnerability: A complex network approach},
  author={Arianos, S. and Bompard, E. and Carbone, A. and Xue, F.},
  journal={Chaos: An Interdisciplinary Journal of Nonlinear Science},
  volume={19},
  pages={013119},
  year={2009}
}

@article{bak1987self,
   author = {{Bak}, P. and {Tang}, C. and {Wiesenfeld}, K.},
    title = "{Self-organized criticality - An explanation of 1/f noise}",
  journal = {Physical Review Letters},
 keywords = {DEGREES OF FREEDOM, DYNAMICAL SYSTEMS, FLICKER, FRACTALS, NOISE SPECTRA, SELF ORGANIZING SYSTEMS, ARRAYS, CLUMPS, STRANGE ATTRACTORS, SYSTEMS STABILITY},
     year = 1987,
    month = jul,
   volume = 59,
    pages = {381-384},
      doi = {10.1103/PhysRevLett.59.381},
   adsurl = {http://adsabs.harvard.edu/abs/1987PhRvL..59..381B},
  adsnote = {Provided by the SAO/NASA Astrophysics Data System}
}


@article{bak1991self,
  title={Self-organized criticality},
  author={Bak, P. and Chen, K.},
  journal={Scientific American},
  year={1991},
  publisher={Citeseer}
}

@inproceedings{baldick2009vulnerability,
  title={Vulnerability assessment for cascading failures in electric power systems},
  author={Baldick, R. and Chowdhury, B. and Dobson, I. and Dong, Z. and Gou, B. and Hawkins, D. and Huang, Z. and Joung, M. and Kim, J. and Kirschen, D. and others},
  booktitle={Power Systems Conference and Exposition, 2009. PSCE'09. IEEE/PES},
  pages={1--9},
  year={2009},
  organization={IEEE}
}

@article{boccaletti2006complex,
  title={Complex networks: Structure and dynamics},
  author={Boccaletti, S. and Latora, V. and Moreno, Y. and Chavez, M. and Hwang, D.U.},
  journal={Physics reports},
  volume={424},
  number={4-5},
  pages={175--308},
  year={2006},
  publisher={Elsevier}
}

@article{buldyrev2009catastrophic,
  title={Catastrophic cascade of failures in interdependent networks},
  author={Buldyrev, S.V. and Parshani, R. and Paul, G. and Stanley, H.E. and Havlin, S.},
  journal={Arxiv preprint arXiv:0907.1182},
  year={2009}
}

@article{carreras2004complex,
  title={Complex dynamics of blackouts in power transmission systems},
  author={Carreras, B.A. and Lynch, VE and Dobson, I. and Newman, D.E.},
  journal={Chaos: An Interdisciplinary Journal of Nonlinear Science},
  volume={14},
  pages={643},
  year={2004}
}

@article{carreras2004evidence,
  title={Evidence for self-organized criticality in a time series of electric power system blackouts},
  author={Carreras, B.A. and Newman, D.E. and Dobson, I. and Poole, A.B.},
  journal={Circuits and Systems I: Regular Papers, IEEE Transactions on},
  volume={51},
  number={9},
  pages={1733--1740},
  year={2004},
  publisher={IEEE}
}

@inproceedings{benjamin2000initial,
author={Benjamin A. Carreras and David E. Newman and Ian Dobson and A. B. Poole},
title={Initial Evidence for Self-Organized Criticality in Electric Power System Blackouts},
booktitle={Hawaii International Conference on System Sciences},
year={2000},
masid={598685}
}

@inproceedings{carreras2001modeling,
  title={Modeling blackout dynamics in power transmission networks with simple structure},
  author={Carreras, B. and Lynch, V. and Sachtjen, M. and Dobson, I. and Newman, D.},
  booktitle={hicss},
  pages={2018},
  year={2001},
  organization={Published by the IEEE Computer Society}
}

@article{carreras2009impact,
  title={The impact of risk-averse operation on the likelihood of extreme events in a simple model of infrastructure},
  author={Carreras, BA and Newman, DE and Dobson, I. and Zeidenberg, M.},
  journal={Chaos},
  volume={19},
  number={4},
  pages={43107--0},
  year={2009},
  publisher={American Institute of Physics}
}

@inproceedings{chen2001analysis,
  title={Analysis of electric power system disturbance data},
  author={Chen, J. and Thorp, J. and Parashar, M.},
  booktitle={hicss},
  pages={2020},
  year={2001},
  organization={Published by the IEEE Computer Society}
}

@article{chen2005cascading,
  title={Cascading dynamics and mitigation assessment in power system disturbances via a hidden failure model},
  author={Chen, J. and Thorp, J.S. and Dobson, I.},
  journal={International Journal of Electrical Power \& Energy Systems},
  volume={27},
  number={4},
  pages={318--326},
  year={2005},
  publisher={Elsevier}
}

@article{choi2005fuzzy,
  title={A fuzzy branch and bound-based transmission system expansion planning for the highest satisfaction level of the decision maker},
  author={Choi, J. and El-Keib, AA and Tran, T.},
  journal={Power Systems, IEEE Transactions on},
  volume={20},
  number={1},
  pages={476--484},
  year={2005},
  publisher={IEEE}
}

@article{choi2005method,
  title={A method for transmission system expansion planning considering probabilistic reliability criteria},
  author={Choi, J. and Tran, T. and El-Keib, AA and Thomas, R. and Oh, H. and Billinton, R.},
  journal={Power Systems, IEEE Transactions on},
  volume={20},
  number={3},
  pages={1606--1615},
  year={2005},
  publisher={IEEE}
}

@article{dionisi2009blackouts,
  title={Blackouts in Power Transmission Networks Due to Spatially Localized Load Anomalies},
  author={Dionisi, C. and Mariani, F. and Recchioni, M. and Zirilli, F.},
  journal={Critical Information Infrastructure Security},
  pages={1--13},
  year={2009},
  publisher={Springer}
}

@inproceedings{dobson2001initial,
  title={An initial model for complex dynamics in electric power system blackouts},
  author={Dobson, I. and Carreras, B. and Lynch, V. and Newman, D.},
  booktitle={PROCEEDINGS OF THE ANNUAL HAWAII INTERNATIONAL CONFERENCE ON SYSTEM SCIENCES},
  pages={51--51},
  year={2001},
  organization={Citeseer}
}

@article{dobson2004branching,
  title={A branching process approximation to cascading load-dependent system failure},
  author={Dobson, I. and Carreras, B.A. and Newman, D.E.},
  year={2004},
  publisher={IEEE Computer Society}
}

@article{dobson2007complex,
  title={Complex systems analysis of series of blackouts: Cascading failure, critical points, and self-organization},
  author={Dobson, I. and Carreras, B.A. and Lynch, V.E. and Newman, D.E.},
  journal={Chaos-Woodbury},
  volume={17},
  number={2},
  pages={26103--26103},
  year={2007},
  publisher={Citeseer}
}

@inproceedings{dobson2002examining,
  title={Examining criticality of blackouts in power system models with cascading events},
  author={Dobson, I. and Chen, J. and Thorp, J. and Carreras, B. and Newman, D.},
  booktitle={hicss},
  pages={63},
  year={2002},
  organization={Published by the IEEE Computer Society}
}

@article{dobson2005loading,
  title={A loading-dependent model of probabilistic cascading failure},
  author={Dobson, I. and Carreras, B.A. and Newman, D.E.},
  journal={Probability in the Engineering and Informational Sciences},
  volume={19},
  number={01},
  pages={15--32},
  year={2005},
  publisher={Cambridge Univ Press}
}

@article{ren2008long,
  title={Long-term effect of the n-1 criterion on cascading line outages in an evolving power transmission grid},
  author={Ren, H. and Dobson, I. and Carreras, B.A.},
  journal={Power Systems, IEEE Transactions on},
  volume={23},
  number={3},
  pages={1217--1225},
  year={2008},
  publisher={IEEE}
}

@inproceedings{dobson2010number,
  title={Number and propagation of line outages in cascading events in electric power transmission systems},
  author={Dobson, I. and Carreras, B.A.},
  booktitle={Communication, Control, and Computing (Allerton), 2010 48th Annual Allerton Conference on},
  pages={1645--1650},
  year={2010},
  organization={IEEE}
}

@article{dobson2010testing,
  title={Testing branching process estimators of cascading failure with data from a simulation of transmission line outages},
  author={Dobson, I. and Kim, J. and Wierzbicki, K.R.},
  journal={Risk Analysis},
  volume={30},
  number={4},
  pages={650--662},
  year={2010},
  publisher={Wiley Online Library}
}

@article{farina2008probabilistic,
  title={Probabilistic Analysis of Failures in Power Transmission Networks and Phase Transitions: Study Case of a High-Voltage Power Transmission Network},
  author={Farina, A. and Graziano, A. and Mariani, F. and Zirilli, F.},
  journal={Journal of Optimization Theory and Applications},
  volume={139},
  number={1},
  pages={171--199},
  year={2008},
  publisher={Springer}
}

@article{liscouski2004final,
  title={Final report on the august 14, 2003 blackout in the united states and canada: Causes and recommendations},
  author={Liscouski, B. and Elliot, WJ},
  journal={A report to US Department of Energy},
  volume={40},
  year={2004}
}

@article{frette1996avalanche,
  title={Avalanche dynamics in a pile of rice},
  author={Frette, V. and Christensen, K. and Malthe-S{\o}renssen, A. and Feder, J. and J{\o}ssang, T. and Meakin, P.},
  journal={Nature},
  volume={379},
  number={6560},
  pages={49--52},
  year={1996}
}

@inproceedings{haffner2000branch,
  title={Branch and bound algorithm for transmission system expansion planning using a transportation model},
  author={Haffner, S. and Monticelli, A. and Garcia, A. and Mantovani, J. and Romero, R.},
  booktitle={Generation, Transmission and Distribution, IEE Proceedings-},
  volume={147},
  number={3},
  pages={149--156},
  year={2000},
  organization={IET}
}

@article{hines2009cascading,
  title={Cascading failures in power grids},
  author={Hines, P. and Balasubramaniam, K. and Sanchez, E.C.},
  journal={Potentials, IEEE},
  volume={28},
  number={5},
  pages={24--30},
  year={2009},
  publisher={IEEE}
}

@article{hines2007controlling,
  title={Controlling cascading failures with cooperative autonomous agents},
  author={Hines, P. and Talukdar, S.},
  journal={International journal of critical infrastructures},
  volume={3},
  number={1},
  pages={192--220},
  year={2007},
  publisher={Inderscience}
}

@article{hines2010topological,
  title={Do topological models provide good information about electricity infrastructure vulnerability?},
  author={Hines, P. and Cotilla-Sanchez, E. and Blumsack, S.},
  journal={Chaos},
  volume={20},
  number={3},
  pages={33122--0},
  year={2010},
  publisher={American Institute of Physics}
}

@article{hines2009large,
  title={Large blackouts in North America: Historical trends and policy implications},
  author={Hines, P. and Apt, J. and Talukdar, S.},
  journal={Energy Policy},
  volume={37},
  number={12},
  pages={5249--5259},
  year={2009},
  publisher={Elsevier}
}

@article{hines2009reciprocally,
  title={Reciprocally altruistic agents for the mitigation of cascading failures in power grids},
  author={Hines, P. and Talukdar, S.},
  journal={International Journal of Critical Infrastructures},
  volume={5},
  number={4},
  pages={340--356},
  year={2009},
  publisher={Inderscience}
}

@article{romero1996transmission,
  title={Transmission system expansion planning by simulated annealing},
  author={Romero, R. and Gallego, RA and Monticelli, A.},
  journal={Power Systems, IEEE Transactions on},
  volume={11},
  number={1},
  pages={364--369},
  year={1996},
  publisher={IEEE}
}

@article{lacommare2004understanding,
  title={Understanding the cost of power interruptions to US electricity consumers},
  author={LaCommare, K.H. and Eto, J.H.},
  year={2004}
}

@article{latorre2003classification,
  title={Classification of publications and models on transmission expansion planning},
  author={Latorre, G. and Cruz, R.D. and Areiza, J.M. and Villegas, A.},
  journal={Power Systems, IEEE Transactions on},
  volume={18},
  number={2},
  pages={938--946},
  year={2003},
  publisher={IEEE}
}

@article{park2004long,
  title={Long range dependence analysis of Internet traffic},
  author={Park, C. and Hern{\'a}ndez-Campos, F. and Le, L. and Marron, JS and Park, J. and Pipiras, V. and Smith, FD and Smith, R.L. and Trovero, M. and Zhu, Z.},
  journal={Statistical Science, submitted},
  year={2004},
  publisher={Citeseer}
}

@article{morante2006pervasive,
  title={Pervasive grid for large-scale power systems contingency analysis},
  author={Morante, Q. and Ranaldo, N. and Vaccaro, A. and Zimeo, E.},
  journal={Industrial Informatics, IEEE Transactions on},
  volume={2},
  number={3},
  pages={165--175},
  year={2006},
  publisher={IEEE}
}

@article{nedic2006criticality,
  title={Criticality in a cascading failure blackout model},
  author={Nedic, D.P. and Dobson, I. and Kirschen, D.S. and Carreras, B.A. and Lynch, V.E.},
  journal={International Journal of Electrical Power \& Energy Systems},
  volume={28},
  number={9},
  pages={627--633},
  year={2006},
  publisher={Elsevier}
}

@article{newman2011exploring,
  title={Exploring complex systems aspects of blackout risk and mitigation},
  author={Newman, D.E. and Carreras, B.A. and Lynch, V.E. and Dobson, I.},
  journal={Reliability, IEEE Transactions on},
  volume={60},
  number={1},
  pages={134--143},
  year={2011},
  publisher={IEEE}
}

@inproceedings{nudson2010creating,
  title={Creating portable agents for coupling power transmission models},
  author={Nudson, O. and Newman, D. and Carreras, B.},
  booktitle={Proceedings of the 2010 Spring Simulation Multiconference},
  pages={13},
  year={2010},
  organization={ACM}
}

@inproceedings{overbye2004comparison,
  title={A comparison of the AC and DC power flow models for LMP calculations},
  author={Overbye, T.J. and Cheng, X. and Sun, Y.},
  booktitle={System Sciences, 2004. Proceedings of the 37th Annual Hawaii International Conference on},
  pages={9--pp},
  year={2004},
  organization={IEEE}
}

@article{pepyne2007topology,
  title={Topology and cascading line outages in power grids},
  author={Pepyne, D.L.},
  journal={Journal of Systems Science and Systems Engineering},
  volume={16},
  number={2},
  pages={202--221},
  year={2007},
  publisher={Springer}
}

@inproceedings{habiballah1994integer,
  title={Integer-linear-programming eigenvector-based approach for multipartitioning power system state-estimation networks},
  author={Habiballah, IO and Quintana, VH},
  booktitle={Generation, Transmission and Distribution, IEE Proceedings-},
  volume={141},
  number={1},
  pages={11--18},
  year={1994},
  organization={IET}
}

@inproceedings{rossmaier2009further,
  title={Further development of the Overload Risk Index, an indicator of system vulnerability},
  author={Rossmaier, J. and Chowdhury, B.},
  booktitle={North American Power Symposium (NAPS), 2009},
  pages={1--6},
  year={2000}
  organization={IEEE}
}

@article{sachtjen2000disturbances,
  title={Disturbances in a power transmission system},
  author={Sachtjen, ML and Carreras, BA and Lynch, VE},
  journal={Physical Review E},
  volume={61},
  number={5},
  pages={4877},
  year={2000},
  publisher={APS}
}

@inproceedings{da1999transmission,
  title={Transmission network expansion planning under an improved genetic algorithm},
  author={Da Silva, EL and Gil, HA and Areiza, JM},
  booktitle={Power Industry Computer Applications, 1999. PICA'99. Proceedings of the 21st 1999 IEEE International Conference},
  pages={315--321},
  year={1999},
  organization={IEEE}
}

@article{veitch1999wavelet,
  title={A wavelet-based joint estimator of the parameters of long-range dependence},
  author={Veitch, D. and Abry, P.},
  journal={Information Theory, IEEE Transactions on},
  volume={45},
  number={3},
  pages={878--897},
  year={1999},
  publisher={IEEE}
}

@article{vespignani2010fragility,
  title={The fragility of interdependency},
  author={Vespignani, A.},
  journal={Nature},
  volume={464},
  number={7291},
  pages={15},
  year={2010},
  publisher={Nature Publishing}
}

@article{watts1998collective,
  title={Collective dynamics of ‘small-world’networks},
  author={Watts, D.J. and Strogatz, S.H.},
  journal={Nature},
  volume={393},
  number={6684},
  pages={440--442},
  year={1998},
  publisher={Nature Publishing Group}
}

@article{van1950noise,
  title={On the noise spectra of semi-conductor noise and of flicker effect},
  author={Van Der Ziel, A.},
  journal={Physica},
  volume={16},
  number={4},
  pages={359--372},
  year={1950},
  publisher={Elsevier}
}

