
% See http://www.ele.uri.edu/info/thesis/guide/biblio_howto.pdf
% for a complete list of supported document types.

@article{lacommare2004understanding,
  title={Understanding the cost of power interruptions to US electricity consumers},
  author={LaCommare, K.H. and Eto, J.H.},
  journal={A report to US Department of Energy},
  year={2004}
}

@article{carreras2004complex,
  title={Complex dynamics of blackouts in power transmission systems},
  author={Carreras, B.A. and Lynch, VE and Dobson, I. and Newman, D.E.},
  journal={Chaos: An Interdisciplinary Journal of Nonlinear Science},
  volume={14},
  pages={643},
  year={2004}
}

@inproceedings{carreras2001evidence,
  title={Evidence for SOC in Electric Power System Blackouts},
  author={Carreras, B. and Newman, D. and Dobson, I. and Poole, A.},
  booktitle={hicss},
  pages={2016},
  year={2001},
  organization={Published by the IEEE Computer Society}
}

@inproceedings{carreras2000initial,
author={Carreras, B.A. and Newman, D.E. and Dobson, I. and Poole, A.B.},
booktitle={System Sciences, 2000. Proceedings of the 33rd Annual Hawaii International Conference on}, title={Initial evidence for self-organized criticality in electric power system blackouts},
year={2000},
month={jan.},
volume={},
number={},
pages={ 6 pp.},
keywords={ Hurst exponent; R/S statistics; electric power system blackouts; long time correlations; scaled window variance analysis; self-organized criticality; time series; power distribution reliability; self-organised criticality; time series;},
doi={10.1109/HICSS.2000.926768},
ISSN={ },}

@inproceedings{dobson2002examining,
  title={Examining criticality of blackouts in power system models with cascading events},
  author={Dobson, I. and Chen, J. and Thorp, J. and Carreras, B. and Newman, D.},
  booktitle={hicss},
  pages={63},
  year={2002},
  organization={Published by the IEEE Computer Society}
}

@inproceedings{dobson2001initial,
  title={An initial model for complex dynamics in electric power system blackouts},
  author={Dobson, I. and Carreras, B. and Lynch, V. and Newman, D.},
  booktitle={PROCEEDINGS OF THE ANNUAL HAWAII INTERNATIONAL CONFERENCE ON SYSTEM SCIENCES},
  pages={51--51},
  year={2001},
  organization={Citeseer}
}

@article{newman2011exploring,
  title={Exploring complex systems aspects of blackout risk and mitigation},
  author={Newman, D.E. and Carreras, B.A. and Lynch, V.E. and Dobson, I.},
  journal={Reliability, IEEE Transactions on},
  volume={60},
  number={1},
  pages={134--143},
  year={2011},
  publisher={IEEE}
}

@inproceedings{baldick2009vulnerability,
  title={Vulnerability assessment for cascading failures in electric power systems},
  author={Baldick, R. and Chowdhury, B. and Dobson, I. and Dong, Z. and Gou, B. and Hawkins, D. and Huang, Z. and Joung, M. and Kim, J. and Kirschen, D. and others},
  booktitle={Power Systems Conference and Exposition, 2009. PSCE'09. IEEE/PES},
  pages={1--9},
  year={2009},
  organization={IEEE}
}

@article{nedic2006criticality,
  title={Criticality in a cascading failure blackout model},
  author={Nedic, D.P. and Dobson, I. and Kirschen, D.S. and Carreras, B.A. and Lynch, V.E.},
  journal={International Journal of Electrical Power \& Energy Systems},
  volume={28},
  number={9},
  pages={627--633},
  year={2006},
  publisher={Elsevier}
}

@inproceedings{huang2009massive,
  title={Massive contingency analysis with high performance computing},
  author={Huang, Z. and Chen, Y. and Nieplocha, J.},
  booktitle={Power \& Energy Society General Meeting, 2009. PES'09. IEEE},
  pages={1--8},
  year={2009},
  organization={IEEE}
}

@article{liscouski2004final,
  title={Final report on the august 14, 2003 blackout in the united states and canada: Causes and recommendations},
  author={Liscouski, B. and Elliot, WJ},
  journal={A report to US Department of Energy},
  volume={40},
  year={2004}
}
